<?xml version="1.0" encoding="UTF-8"?>
<SOAP-ENV:Envelope xmlns:SOAP-ENV="http://schemas.xmlsoap.org/soap/envelope/" xmlns:of="http://oss.dbc.dk/ns/openformat" xmlns:ofo="http://oss.dbc.dk/ns/openformatoutput"><SOAP-ENV:Body><of:formatResponse><marc21><mx:record xmlns:mx="http://www.loc.gov/MARC21/slim" format="MARC21" type="Bibliographic"><mx:leader>00000das a22000004c 4500</mx:leader><mx:controlfield tag="001">fake ocn number</mx:controlfield><mx:controlfield tag="007">cr||||</mx:controlfield><mx:controlfield tag="008">781109d19782010xxum| p|o     0|||a|eng|d</mx:controlfield><mx:datafield ind1=" " ind2=" " tag="010"><mx:subfield code="a">80644829</mx:subfield><mx:subfield code="z">sn 78002101</mx:subfield></mx:datafield><mx:datafield ind1=" " ind2=" " tag="022"><mx:subfield code="l">0163-3767</mx:subfield><mx:subfield code="y">0163-3767</mx:subfield></mx:datafield><mx:datafield ind1="1" ind2=" " tag="029"><mx:subfield code="a">DKDLA</mx:subfield><mx:subfield code="b">820010-katalog:ssj0006818</mx:subfield></mx:datafield><mx:datafield ind1=" " ind2=" " tag="030"><mx:subfield code="a">SITLDD</mx:subfield></mx:datafield><mx:datafield ind1=" " ind2=" " tag="040"><mx:subfield code="a">DKDLA</mx:subfield><mx:subfield code="b">eng</mx:subfield><mx:subfield code="c">DKDLA</mx:subfield></mx:datafield><mx:datafield ind1="1" ind2="4" tag="050"><mx:subfield code="a">TK7871.85</mx:subfield><mx:subfield code="b">.S464</mx:subfield></mx:datafield><mx:datafield ind1="0" ind2=" " tag="210"><mx:subfield code="a">Semicond. int.</mx:subfield></mx:datafield><mx:datafield ind1=" " ind2="0" tag="222"><mx:subfield code="a">Semiconductor international</mx:subfield></mx:datafield><mx:datafield ind1="1" ind2="0" tag="240"><mx:subfield code="a">Semiconductor international.</mx:subfield><mx:subfield code="g">Online</mx:subfield></mx:datafield><mx:datafield ind1="1" ind2="0" tag="245"><mx:subfield code="a">Semiconductor international</mx:subfield><mx:subfield code="h">[electronic resource]</mx:subfield></mx:datafield><mx:datafield ind1=" " ind2=" " tag="260"><mx:subfield code="a">Newton, MA, etc. :</mx:subfield><mx:subfield code="b">Cahners Pub. Co., etc</mx:subfield></mx:datafield><mx:datafield ind1=" " ind2=" " tag="310"><mx:subfield code="a">Frequency varies (1978-Sept. 2003), Monthly, except semi-monthly in June (Oct. 2003-)</mx:subfield></mx:datafield><mx:datafield ind1=" " ind2=" " tag="500"><mx:subfield code="a">"Processing, assembly and testing."</mx:subfield></mx:datafield><mx:datafield ind1=" " ind2=" " tag="500"><mx:subfield code="a">Latest issue consulted: Vol. 28, no. 7 (Mid-June 2005)</mx:subfield></mx:datafield><mx:datafield ind1=" " ind2=" " tag="580"><mx:subfield code="a">Semiconductor international. Technical product reference source 1994/98-, Product data source 1997-; and Semisource, 1999-</mx:subfield></mx:datafield><mx:datafield ind1=" " ind2=" " tag="580"><mx:subfield code="a">Absorbed: Electronic packaging and production</mx:subfield></mx:datafield><mx:datafield ind1=" " ind2=" " tag="856"><mx:subfield code="z">Full text available from Factiva: 01/01/1994 to 04/30/2010</mx:subfield><mx:subfield code="u">http://ez.statsbiblioteket.dk:2048/login?url=http://global.factiva.com/en/sess/login.asp?XSID=S00YWFo0HVpMDAo5DEs5DEoM9IqMTIsND3yMHn0YqYvMq382rbRQUFBQUFBQUFBQUFBQUFBQUFBQUFBQUFBQUFBQUFBQUFBQQAA</mx:subfield><mx:subfield code="u">Kun adgang fra Statsbiblioteket og Aarhus Universitet</mx:subfield></mx:datafield><mx:datafield ind1=" " ind2=" " tag="856"><mx:subfield code="z">Full text available from ABI/INFORM Global: 09/01/1996 to 04/30/2010</mx:subfield><mx:subfield code="u">http://ez.statsbiblioteket.dk:2048/login?url=http://search.proquest.com/publication/48708</mx:subfield><mx:subfield code="u">Kun adgang fra Statsbiblioteket og Aarhus Universitet</mx:subfield></mx:datafield><mx:datafield ind1=" " ind2=" " tag="856"><mx:subfield code="z">Full text available from Science Journals: 09/01/1996 to 04/30/2010</mx:subfield><mx:subfield code="u">http://ez.statsbiblioteket.dk:2048/login?url=http://search.proquest.com/publication/48708</mx:subfield><mx:subfield code="u">Kun adgang fra Statsbiblioteket og Aarhus Universitet</mx:subfield></mx:datafield><mx:datafield ind1=" " ind2=" " tag="856"><mx:subfield code="z">Full text available from LexisNexis Academic Source Package (Europe): 09/01/2001 to 04/01/2010</mx:subfield><mx:subfield code="u">http://ez.statsbiblioteket.dk:2048/login?url=http://www.lexisnexis.com/hottopics/lnacademic/?verb=srcsi=250138</mx:subfield><mx:subfield code="u">Kun adgang fra Statsbiblioteket og Aarhus Universitet</mx:subfield></mx:datafield></mx:record><hs activity="delete">DKDLA</hs><hs activity="delete">DKB</hs></marc21></of:formatResponse></SOAP-ENV:Body></SOAP-ENV:Envelope>
